<record xmlns="http://www.loc.gov/MARC21/slim" xmlns:xsi="http://www.w3.org/2001/XMLSchema-instance" xsi:schemaLocation="http://www.loc.gov/MARC21/slim http://www.loc.gov/standards/marcxml/schema/MARC21slim.xsd">

  <leader>00434nam a2200145Ia 4500</leader>
  <datafield ind1=" " tag="999" ind2=" ">
    <subfield code="c">1191</subfield>
    <subfield code="d">1191</subfield>
  </datafield>
  <controlfield tag="008">170504b1969    us ||||| |||| 00| 0 eng d</controlfield>
  <datafield ind2=" " tag="090" ind1=" ">
    <subfield code="a">507 </subfield>
    <subfield code="b">W531s</subfield>
  </datafield>
  <datafield ind1="1" ind2="0" tag="100">
    <subfield code="a">Westmeyer, Paul</subfield>
    <subfield code="9">2697</subfield>
  </datafield>
  <datafield ind1="1" tag="245" ind2="2">
    <subfield code="a">A summary of research in science education for the years 1965-67, secondary level</subfield>
  </datafield>
  <datafield ind2=" " tag="260" ind1=" ">
    <subfield code="a">Ohio, Estados Unidos : </subfield>
    <subfield code="b">ERIC, </subfield>
    <subfield code="c">1969</subfield>
  </datafield>
  <datafield ind1=" " tag="300" ind2=" ">
    <subfield code="a">33 páginas</subfield>
  </datafield>
  <datafield ind1="1" tag="650" ind2="4">
    <subfield code="a">CIENCIA</subfield>
    <subfield code="9">890</subfield>
  </datafield>
  <datafield tag="650" ind2="4" ind1="1">
    <subfield code="a">ENSEÑANZA</subfield>
    <subfield code="9">14</subfield>
  </datafield>
  <datafield ind1=" " ind2=" " tag="942">
    <subfield code="2">z</subfield>
    <subfield code="c">01</subfield>
  </datafield>
</record>